% Encoding: UTF-8

@Preamble{ " \newcommand{\noop}[1]{} " }

@online{MO291535,
    title = {A primitive to $\mathrm{Vol}(x)\pm \mathrm{Vol}(y)$ on $(\mathbb{S}^n \times \mathbb{S}^n)\backslash \Delta$},
    author = {Bryant, Robert},
    date = {2018-01-30},
    howpublished = {Answer on MathOverflow},
    url = {https://mathoverflow.net/q/291535}
} % MathOverflow

@online{MO204414,
    title = {Direct proof that the model category of cdgas is left proper},
    author = {Lawson, Tyler},
    date = {2015-05-01},
    howpublished = {Answer on MathOverflow},
    url = {https://mathoverflow.net/q/204414}
} % MathOverflow


@online{MO157762,
    title = {Singular chains generated by manifolds with corners â€” does it really work?},
    author = {Pardon, John},
    date = {2014-02-16},
    howpublished = {Question on MathOverflow},
    url = {https://mathoverflow.net/q/157762}
} % MathOverflow

@Unpublished{Cieliebak2018b,
  author = {Cieliebak, Kai and Volkov, Evgeny},
  title  = {Cyclic homology and Chen's iterated integrals},
  year   = {\noop{3002}In preparation},
}

@Book{LodayCyclic,
  author    = {Loday, Jean-Louis},
  title     = {Cyclic homology},
  doi       = {10.1007/978-3-662-21739-9},
  isbn      = {3-540-53339-7},
  note      = {Appendix E by Mar\'ia O. Ronco},
  pages     = {xviii+454},
  publisher = {Springer-Verlag, Berlin},
  series    = {Grundlehren der Mathematischen Wissenschaften [Fundamental Principles of Mathematical Sciences]},
  volume    = {301},
  keywords  = {19D55 (17B56 18E25 55N91)},
  mrnumber  = {1217970},
  year      = {1992},
}

@Book{Kohno2002,
  author    = {Kohno, Toshitake},
  title     = {Conformal field theory and topology},
  isbn      = {0-8218-2130-X},
  note      = {Translated from the 1998 Japanese original by the author, Iwanami Series in Modern Mathematics},
  pages     = {x+172},
  publisher = {American Mathematical Society, Providence, RI},
  series    = {Translations of Mathematical Monographs},
  volume    = {210},
  keywords  = {57R56 (17B68 57M27 81T40)},
  mrnumber  = {1905659},
  year      = {2002},
}

@Online{Mnev2017,
  author        = {Mnev, Pavel},
  title         = {Lectures on Batalin-Vilkovisky formalism and its applications in topological quantum field theory},
  archiveprefix = {arXiv},
  eprint        = {1707.08096},
  keywords      = {Mathematical Physics, High Energy Physics - Theory},
  month         = {7},
  primaryclass  = {math-ph},
  year          = {2017},
}

@MastersThesis{Hajek2014,
  author = {H\'{a}jek, Pavel},
  title  = {On Manifolds with Corners},
  school = {LMU Munich},
  year   = {2014},
}

@Book{Warner1983,
  author    = {Warner, Frank W.},
  title     = {Foundations of differentiable manifolds and {L}ie groups},
  isbn      = {0-387-90894-3},
  note      = {Corrected reprint of the 1971 edition},
  pages     = {ix+272},
  publisher = {Springer-Verlag, New York-Berlin},
  series    = {Graduate Texts in Mathematics},
  volume    = {94},
  keywords  = {58-01 (22-01 53-01 57R99)},
  mrnumber  = {722297},
  year      = {1983},
}

@Unpublished{Cieliebak2018,
  author = {Cieliebak, Kai and Volkov, Evgeny},
  title  = {Chern-Simons theory and string topology},
  year   = {\noop{3001}In preparation},
}
% unpublished

@Online{Cieliebak2015,
  author        = {Cieliebak, Kai and Fukaya, Kenji and Latschev, Janko},
  title         = {Homological algebra related to surfaces with boundary},
  archiveprefix = {arXiv},
  eprint        = {1508.02741},
  keywords      = {Mathematics - Quantum Algebra, Mathematics - Symplectic Geometry},
  month         = {8},
  primaryclass  = {math.QA},
  year          = {2015},
}

@Online{Mescher2016,
  author        = {Mescher, Stephan},
  title         = {A primer on A-infinity-algebras and their Hochschild homology},
  archiveprefix = {arXiv},
  eprint        = {1601.03963},
  keywords      = {Mathematics - Rings and Algebras, Mathematics - Geometric Topology, Mathematics - Symplectic Geometry, 16E40},
  month         = {1},
  primaryclass  = {math.RA},
  year          = {2016},
}

@Online{Doubek2017,
  author        = {Doubek, Martin and Jur\v{c}o, Branislav and Peksov\'{a}, Lada},
  title         = {Properads and Homotopy Algebras Related to Surfaces},
  archiveprefix = {arXiv},
  eprint        = {1708.01195},
  keywords      = {Mathematics - Algebraic Topology, Mathematical Physics},
  month         = {8},
  primaryclass  = {math.AT},
  year          = {2017},
}

@Online{Sullivan1999,
  author        = {Chas, Moira and Sullivan, Dennis},
  title         = {String Topology},
  archiveprefix = {arXiv},
  eprint        = {math/9911159},
  keywords      = {Geometric Topology, Quantum Algebra, 55N91, 57R19, 57R45, 17B81},
  month         = {11},
  primaryclass  = {math.GT},
  year          = {1999},
}

@Article{Miller1979,
  author   = {Miller, Timothy James},
  title    = {On the formality of {$(k-1)$}-connected compact manifolds of dimension less than or equal to {$4k-2$}},
  issn     = {0019-2082},
  number   = {2},
  pages    = {253--258},
  volume   = {23},
  journal  = {Illinois Journal of Mathematics},
  keywords = {55P62},
  mrnumber = {528561},
  year     = {1979},
}

@Online{Vallette2012,
  author        = {Vallette, Bruno},
  title         = {Algebra+Homotopy=Operad},
  archiveprefix = {arXiv},
  eprint        = {1202.3245},
  keywords      = {Mathematics - Algebraic Topology, Mathematical Physics, Mathematics - Algebraic Geometry, Mathematics - Category Theory, Mathematics - K-Theory and Homology, Mathematics - Quantum Algebra},
  month         = {2},
  primaryclass  = {math.AT},
  year          = {2012},
}

@Article{Akaho2007,
  author   = {Akaho, Manabu},
  title    = {Quasi-isomorphisms of {$A_\infty$}-algebras and oriented planar trees},
  doi      = {10.1215/ijm/1258138416},
  issn     = {0019-2082},
  number   = {2},
  pages    = {325--338},
  volume   = {51},
  journal  = {Illinois Journal of Mathematics},
  keywords = {16E45 (18G55)},
  mrnumber = {2342661},
  year     = {2007},
}

@Book{Weibel1994,
  author    = {Weibel, Charles A.},
  title     = {An introduction to homological algebra},
  doi       = {10.1017/CBO9781139644136},
  isbn      = {0-521-43500-5},
  pages     = {xiv+450},
  publisher = {Cambridge University Press, Cambridge},
  series    = {Cambridge Studies in Advanced Mathematics},
  volume    = {38},
  keywords  = {18-01 (16-01 17-01 20-01 55Uxx)},
  mrnumber  = {1269324},
  year      = {1994},
}

@Book{Harris2004,
  author    = {Harris, Bruno},
  title     = {Iterated integrals and cycles on algebraic manifolds},
  doi       = {10.1142/9789812562579},
  isbn      = {981-238-720-X},
  pages     = {xii+108},
  publisher = {World Scientific Publishing Co., Inc., River Edge, NJ},
  series    = {Nankai Tracts in Mathematics},
  volume    = {7},
  keywords  = {32C30 (14H55)},
  mrnumber  = {2063961},
  year      = {2004},
}

@online{sourcecode,
  author = {H\'{a}jek, Pavel},
  title = {Program in Wolfram Mathematica 10.4 to compute the integrals for $\Sph{n}$},
  year = 2018,
  url = {https://github.com/p135246/Integrals_for_Sn},
}

@Article{Tamanoi2010,
  author   = {Tamanoi, Hirotaka},
  title    = {Loop coproducts in string topology and triviality of higher genus {TQFT} operations},
  doi      = {10.1016/j.jpaa.2009.07.011},
  issn     = {0022-4049},
  number   = {5},
  pages    = {605--615},
  volume   = {214},
  journal  = {Journal of Pure and Applied Algebra},
  keywords = {55P50 (55N45 55P35 57R56)},
  mrnumber = {2577666},
  year     = {2010},
}

@Online{Hajek2018,
  author        = {H\'{a}jek, Pavel},
  title         = {Twisted IBL-infinity-algebra and string topology: First look and examples},
  archiveprefix = {arXiv},
  eprint        = {1811.05281},
  month         = {11},
  primaryclass  = {math-ph},
  year          = {2018},
}

@online{MO336781,
    title = {Conditionally convergent spectral sequences with exiting and entering differentials},
    author = {Rognes, John},
    date = {2019-07-23},
    howpublished = {Answer on MathOverflow},
    url = {https://mathoverflow.net/q/336781}
} % MathOverflow


@online{MSE2719961,
    title = {$\DGA$-formality via $\AInfty$},
    author = {Idrissi, Najib},
    date = {2018-04-03},
    howpublished = {Answer on Mathematics.SE},
    url = {https://math.stackexchange.com/q/2719961}
} % MathOverflow

@online{Cieliebak2013,
author = {Cieliebak, Kai},
month = jan,
title = {Lectures on String Topology},
year = {2013},
url = {https://www.math.uni-augsburg.de/prof/geo/Dokumente/string.pdf}
}

@Article{Cencelj1998,
  author   = {Cencelj, Matija},
  title    = {Spectral sequences of unbounded bicomplexes},
  issn     = {0017-095X},
  number   = {2},
  pages    = {161--165},
  volume   = {33(53)},
  journal  = {Glasnik Matemati\v{c}ki. Serija III},
  keywords = {18G40},
  mrnumber = {1695547},
  year     = {1998},
}

@Article{Gerstenhaber1963,
  author   = {Gerstenhaber, Murray},
  title    = {The cohomology structure of an associative ring},
  doi      = {10.2307/1970343},
  issn     = {0003-486X},
  pages    = {267--288},
  volume   = {78},
  journal  = {Annals of Mathematics. Second Series},
  keywords = {16.90 (18.00)},
  mrnumber = {161898},
  year     = {1963},
}

@Online{Crainic2004,
  author        = {Crainic, Marius},
  title         = {On the perturbation lemma, and deformations},
  archiveprefix = {arXiv},
  eprint        = {math/0403266},
  keywords      = {Algebraic Topology, Differential Geometry, Symplectic Geometry},
  month         = {3},
  primaryclass  = {math.AT},
  year          = {2004},
}

@Online{Van2019,
  author        = {Fiorenza, Domenico and Kawai, Kotaro and L{\^{e}}, H{\^{o}}ng V{\^{a}}n and Schwachh{\"{o}}fer, Lorenz},
  title         = {Almost formality of manifolds of low dimension},
  archiveprefix = {arXiv},
  eprint        = {1902.08406},
  keywords      = {Mathematics - Differential Geometry},
  month         = {2},
  primaryclass  = {math.DG},
  year          = {2019},
}

@InCollection{LoopSpaces,
  author    = {Menichi, Luc},
  booktitle = {Free loop spaces in geometry and topology},
  title     = {Rational homotopy---{S}ullivan models},
  pages     = {111--136},
  publisher = {Eur. Math. Soc., Z\"{u}rich},
  series    = {IRMA Lect. Math. Theor. Phys.},
  volume    = {24},
  keywords  = {55P62 (55P35 57R19)},
  mrnumber  = {3444363},
  year      = {2015},
}

@Article{Goldman1986,
  author   = {Goldman, William M.},
  title    = {Invariant functions on {L}ie groups and {H}amiltonian flows of surface group representations},
  doi      = {10.1007/BF01389091},
  issn     = {0020-9910},
  number   = {2},
  pages    = {263--302},
  volume   = {85},
  journal  = {Inventiones Mathematicae},
  keywords = {32G15 (57M05)},
  mrnumber = {846929},
  year     = {1986},
}

@InCollection{Sullivan2004,
  author    = {Sullivan, Dennis},
  booktitle = {Topology, geometry and quantum field theory},
  title     = {Open and closed string field theory interpreted in classical algebraic topology},
  doi       = {10.1017/CBO9780511526398.014},
  pages     = {344--357},
  publisher = {Cambridge Univ. Press, Cambridge},
  series    = {London Math. Soc. Lecture Note Ser.},
  volume    = {308},
  keywords  = {81T45 (55P48 81T30)},
  mrnumber  = {2079379},
  year      = {2004},
}

@Article{Chen2012,
  author   = {Chen, Xiaojun},
  title    = {An algebraic chain model of string topology},
  doi      = {10.1090/S0002-9947-2011-05518-2},
  issn     = {0002-9947},
  number   = {5},
  pages    = {2749--2781},
  volume   = {364},
  journal  = {Transactions of the American Mathematical Society},
  keywords = {55P50 (55P35)},
  mrnumber = {2888227},
  year     = {2012},
}

@Online{DrummondCole2015,
  author        = {Drummond-Cole, Gabriel C. and Poirier, Kate and Rounds, Nathaniel},
  title         = {Chain-Level String Topology Operations},
  archiveprefix = {arXiv},
  eprint        = {1506.02596},
  keywords      = {Mathematics - Geometric Topology, Mathematics - Algebraic Topology},
  month         = {6},
  primaryclass  = {math.GT},
  year          = {2015},
}

@Online{Lipyanskiy2014,
  author        = {Lipyanskiy, Max},
  title         = {Geometric Homology},
  archiveprefix = {arXiv},
  eprint        = {1409.1121},
  keywords      = {Mathematics - Algebraic Topology, Mathematics - Symplectic Geometry},
  month         = {9},
  primaryclass  = {math.AT},
  year          = {2014},
}

@Unpublished{CieliebakHingston2018,
  author = {Cieliebak, Kai and Hingston, Nancy and Oancea, Alexandru},
  title  = {Poincar\'{e} duality for free loop spaces},
  year   = {\noop{3003}In preparation},
}

@InProceedings{Axelrod1991,
  author    = {Axelrod, Scott and Singer, I. M.},
  booktitle = {Proceedings of the {XX}th {I}nternational {C}onference on {D}ifferential {G}eometric {M}ethods in {T}heoretical {P}hysics, {V}ol. 1, 2 ({N}ew {Y}ork, 1991)},
  title     = {Chern-{S}imons perturbation theory},
  pages     = {3--45},
  publisher = {World Sci. Publ., River Edge, NJ},
  keywords  = {58G26 (57R20 81T18 81T60)},
  mrnumber  = {1225107},
  year      = {1992},
}

@Article{Axelrod1993,
  author   = {Axelrod, Scott and Singer, I. M.},
  title    = {Chern-{S}imons perturbation theory. {II}},
  issn     = {0022-040X},
  number   = {1},
  pages    = {173--213},
  volume   = {39},
  journal  = {Journal of Differential Geometry},
  keywords = {58G26 (57R20 81T18 81T60)},
  mrnumber = {1258919},
  year     = {1994},
}

@PhdThesis{Basu2011,
  author    = {Basu, Somnath},
  title     = {Transversal {S}tring {T}opology \& {I}nvariants of {M}anifolds},
  isbn      = {978-1124-91220-2},
  note      = {Thesis (Ph.D.)--State University of New York at Stony Brook},
  pages     = {146},
  url       = {http://www.math.stonybrook.edu/alumni/2011-Somnath-Basu.pdf},
  keywords  = {Thesis},
  mrnumber  = {2942255},
  publisher = {ProQuest LLC, Ann Arbor, MI},
  year      = {2011},
}

@Book{BGV,
  author    = {Berline, Nicole and Getzler, Ezra and Vergne, Mich\`ele},
  title     = {Heat kernels and {D}irac operators},
  isbn      = {3-540-20062-2},
  note      = {Corrected reprint of the 1992 original},
  pages     = {x+363},
  publisher = {Springer-Verlag, Berlin},
  series    = {Grundlehren Text Editions},
  keywords  = {58J35 (35K05 35Q40 47G30 58J60)},
  mrnumber  = {2273508},
  year      = {2004},
}

@InCollection{Boardmann1999,
  author    = {Boardman, J. Michael},
  booktitle = {Homotopy invariant algebraic structures ({B}altimore, {MD}, 1998)},
  title     = {Conditionally convergent spectral sequences},
  doi       = {10.1090/conm/239/03597},
  pages     = {49--84},
  publisher = {Amer. Math. Soc., Providence, RI},
  series    = {Contemp. Math.},
  volume    = {239},
  keywords  = {55T05 (18A30 18G40)},
  mrnumber  = {1718076},
  year      = {1999},
}

@Book{BottTu1982,
  author    = {Bott, Raoul and Tu, Loring W.},
  title     = {Differential forms in algebraic topology},
  isbn      = {0-387-90613-4},
  pages     = {xiv+331},
  publisher = {Springer-Verlag, New York-Berlin},
  series    = {Graduate Texts in Mathematics},
  volume    = {82},
  keywords  = {57R19 (55-02 58-01 58A12)},
  mrnumber  = {658304},
  year      = {1982},
}

@Article{Mnev2009,
  author   = {Cattaneo, Alberto S. and Mn\"{e}v, Pavel},
  title    = {Remarks on {C}hern-{S}imons invariants},
  doi      = {10.1007/s00220-009-0959-1},
  issn     = {0010-3616},
  number   = {3},
  pages    = {803--836},
  volume   = {293},
  journal  = {Communications in Mathematical Physics},
  keywords = {58J28 (16E45 57M27 81Q30)},
  mrnumber = {2566163},
  year     = {2010},
}

@Article{Cattaneo2015,
  author   = {Cattaneo, Alberto S. and Mnev, Pavel and Reshetikhin, Nicolai},
  title    = {Perturbative quantum gauge theories on manifolds with boundary},
  doi      = {10.1007/s00220-017-3031-6},
  issn     = {0010-3616},
  number   = {2},
  pages    = {631--730},
  volume   = {357},
  journal  = {Communications in Mathematical Physics},
  keywords = {81T13 (53C80 58A50)},
  mrnumber = {3767705},
  year     = {2018},
}

@InCollection{Sullivan2002,
  author    = {Chas, Moira and Sullivan, Dennis},
  booktitle = {The legacy of {N}iels {H}enrik {A}bel},
  title     = {Closed string operators in topology leading to {L}ie bialgebras and higher string algebra},
  pages     = {771--784},
  publisher = {Springer, Berlin},
  keywords  = {55P48 (17B62 57M27)},
  mrnumber  = {2077595},
  year      = {2004},
}

@InCollection{Cieliebak2007,
  author    = {Cieliebak, Kai and Latschev, Janko},
  booktitle = {New perspectives and challenges in symplectic field theory},
  title     = {The role of string topology in symplectic field theory},
  pages     = {113--146},
  publisher = {Amer. Math. Soc., Providence, RI},
  series    = {CRM Proc. Lecture Notes},
  volume    = {49},
  keywords  = {53D42 (55P50)},
  mrnumber  = {2555935},
  year      = {2009},
}

@Article{Cirici2019,
  author   = {Cirici, Joana and Roig, Agust\'i},
  title    = {Sullivan minimal models of operad algebras},
  doi      = {10.5565/PUBLMAT6311904},
  issn     = {0214-1493},
  number   = {1},
  pages    = {125--154},
  volume   = {63},
  journal  = {Publicacions Matem\`atiques},
  keywords = {18D50 (55P62)},
  mrnumber = {3908789},
  year     = {2019},
}

@InCollection{Cohen2009,
  author    = {Cohen, Ralph L. and Godin, V\'{e}ronique},
  booktitle = {Topology, geometry and quantum field theory},
  title     = {A polarized view of string topology},
  doi       = {10.1017/CBO9780511526398.008},
  pages     = {127--154},
  publisher = {Cambridge Univ. Press, Cambridge},
  series    = {London Math. Soc. Lecture Note Ser.},
  volume    = {308},
  keywords  = {55P35 (57R56)},
  mrnumber  = {2079373},
  year      = {2004},
}

@Article{Cohen2001,
  author   = {Cohen, Ralph L. and Jones, John D. S.},
  title    = {A homotopy theoretic realization of string topology},
  doi      = {10.1007/s00208-002-0362-0},
  issn     = {0025-5831},
  number   = {4},
  pages    = {773--798},
  volume   = {324},
  journal  = {Mathematische Annalen},
  keywords = {55P43 (55P35 55U35)},
  mrnumber = {1942249},
  year     = {2002},
}

@Book{Cohen2006,
  author    = {Cohen, Ralph L. and Hess, Kathryn and Voronov, Alexander A.},
  title     = {String topology and cyclic homology},
  isbn      = {978-3-7643-2182-6},
  note      = {Lectures from the Summer School held in Almer\'ia, September 16--20, 2003},
  pages     = {viii+163},
  publisher = {Birkh\"{a}user Verlag, Basel},
  series    = {Advanced Courses in Mathematics. CRM Barcelona},
  keywords  = {55-02 (18D50 19-02 19D55 55P48 57-02 57R19)},
  mrnumber  = {2251006},
  year      = {2006},
}

@Article{Doubek2018,
  author   = {Doubek, Martin and Jur\v{c}o, Branislav and Pulmann, J\'{a}n},
  title    = {Quantum {$L_\infty$} algebras and the homological perturbation lemma},
  doi      = {10.1007/s00220-019-03375-x},
  issn     = {0010-3616},
  number   = {1},
  pages    = {215--240},
  volume   = {367},
  journal  = {Communications in Mathematical Physics},
  keywords = {81R10 (81S22)},
  mrnumber = {3933409},
  year     = {2019},
}

@Book{Felix2008,
  author    = {F\'{e}lix, Yves and Oprea, John and Tanr\'{e}, Daniel},
  title     = {Algebraic models in geometry},
  isbn      = {978-0-19-920651-3},
  pages     = {xxii+460},
  publisher = {Oxford University Press, Oxford},
  series    = {Oxford Graduate Texts in Mathematics},
  volume    = {17},
  keywords  = {55P62 (53-02 53C22 53D35 55-02)},
  mrnumber  = {2403898},
  year      = {2008},
}

@Book{Fresse,
  author    = {Fresse, Benoit},
  title     = {Homotopy of operads and {G}rothendieck-{T}eichm\"{u}ller groups. {P}art 1},
  isbn      = {978-1-4704-3481-6},
  note      = {The algebraic theory and its topological background},
  pages     = {xlvi+532},
  publisher = {American Mathematical Society, Providence, RI},
  series    = {Mathematical Surveys and Monographs},
  volume    = {217},
  keywords  = {55P48 (17B55 18D50 20F38 20F40 55P10 55P62 57T05)},
  mrnumber  = {3643404},
  year      = {2017},
}

@Book{FOOOI,
  author    = {Fukaya, Kenji and Oh, Yong-Geun and Ohta, Hiroshi and Ono, Kaoru},
  title     = {Lagrangian intersection {F}loer theory: anomaly and obstruction. {P}art {I}},
  isbn      = {978-0-8218-4836-4},
  pages     = {xii+396},
  publisher = {American Mathematical Society, Providence, RI; International Press, Somerville, MA},
  series    = {AMS/IP Studies in Advanced Mathematics},
  volume    = {46},
  keywords  = {53D40 (53D12 53D37)},
  mrnumber  = {2553465},
  year      = {2009},
}

@Article{Getzler,
  author   = {Getzler, Ezra and Jones, John D. S. and Petrack, Scott},
  title    = {Differential forms on loop spaces and the cyclic bar complex},
  doi      = {10.1016/0040-9383(91)90019-Z},
  issn     = {0040-9383},
  number   = {3},
  pages    = {339--371},
  volume   = {30},
  journal  = {Topology. An International Journal of Mathematics},
  keywords = {58G10 (18G35 19D55 57R99 58A10 58B05)},
  mrnumber = {1113683},
  year     = {1991},
}

@Book{Hormander,
  author    = {H\"{o}rmander, Lars},
  title     = {The analysis of linear partial differential operators. {III}},
  doi       = {10.1007/978-3-540-49938-1},
  isbn      = {978-3-540-49937-4},
  note      = {Pseudo-differential operators, Reprint of the 1994 edition},
  pages     = {viii+525},
  publisher = {Springer, Berlin},
  series    = {Classics in Mathematics},
  keywords  = {35-02 (35Sxx 47F05 47G30 58J40)},
  mrnumber  = {2304165},
  year      = {2007},
}

@Book{Huybrechts2004,
  author    = {Huybrechts, Daniel},
  title     = {Complex geometry},
  isbn      = {3-540-21290-6},
  note      = {An introduction},
  pages     = {xii+309},
  publisher = {Springer-Verlag, Berlin},
  series    = {Universitext},
  keywords  = {32Qxx (14-01 32-01 32G05 32J25 53C55 53C56)},
  mrnumber  = {2093043},
  year      = {2005},
}

@Article{Irie2014,
  author   = {Irie, Kei},
  title    = {A chain level {B}atalin-{V}ilkovisky structure in string topology via de {R}ham chains},
  doi      = {10.1093/imrn/rnx023},
  issn     = {1073-7928},
  number   = {15},
  pages    = {4602--4674},
  journal  = {International Mathematics Research Notices. IMRN},
  keywords = {55P48 (16E45 18D50 58A10)},
  mrnumber = {3842380},
  year     = {2018},
}

@Article{Keller1999,
  author   = {Keller, Bernhard},
  title    = {Introduction to {$A$}-infinity algebras and modules},
  doi      = {10.4310/hha.2001.v3.n1.a1},
  issn     = {1532-0081},
  number   = {1},
  pages    = {1--35},
  volume   = {3},
  journal  = {Homology, Homotopy and Applications},
  keywords = {18E30 (18D50 18G40 55P43 55U35)},
  mrnumber = {1854636},
  year     = {2001},
}

@Article{Kotschick2000,
  author   = {Kotschick, D.},
  title    = {On products of harmonic forms},
  doi      = {10.1215/S0012-7094-01-10734-5},
  issn     = {0012-7094},
  number   = {3},
  pages    = {521--531},
  volume   = {107},
  journal  = {Duke Mathematical Journal},
  keywords = {53C25 (53D35 57R17 57R57 58A14)},
  mrnumber = {1828300},
  year     = {2001},
}

@Article{Lambrechts2007,
  author   = {Lambrechts, Pascal and Stanley, Don},
  title    = {Poincar\'{e} duality and commutative differential graded algebras},
  doi      = {10.24033/asens.2074},
  issn     = {0012-9593},
  number   = {4},
  pages    = {495--509},
  volume   = {41},
  journal  = {Annales Scientifiques de l'\'{E}cole Normale Sup\'{e}rieure. Quatri\`eme S\'{e}rie},
  keywords = {55P62 (13D03 16E45 18G55 55R80)},
  mrnumber = {2489632},
  year     = {2008},
}

@Article{Muenster2011,
  author   = {M\"{u}nster, Korbinian and Sachs, Ivo},
  title    = {Quantum open-closed homotopy algebra and string field theory},
  doi      = {10.1007/s00220-012-1654-1},
  issn     = {0010-3616},
  number   = {3},
  pages    = {769--801},
  volume   = {321},
  journal  = {Communications in Mathematical Physics},
  keywords = {81R10 (55Pxx 81T30)},
  mrnumber = {3070036},
  year     = {2013},
}

@Article{Peksova2018,
  author   = {Peksov\'{a}, Lada},
  title    = {Properads and homological differential operators related to surfaces},
  doi      = {10.5817/am2018-5-299},
  issn     = {0044-8753},
  number   = {5},
  pages    = {299--312},
  volume   = {54},
  journal  = {Universitatis Masarykianae Brunensis. Facultas Scientiarum Naturalium. Archivum Mathematicum},
  keywords = {18D50 (18F99)},
  mrnumber = {3887356},
  year     = {2018},
}

@Article{Schwarz1992,
  author   = {Schwarz, Albert},
  title    = {Geometry of {B}atalin-{V}ilkovisky quantization},
  issn     = {0010-3616},
  number   = {2},
  pages    = {249--260},
  volume   = {155},
  journal  = {Communications in Mathematical Physics},
  keywords = {81T70 (58A50 58H99 81T60)},
  mrnumber = {1230027},
  year     = {1993},
}

@InCollection{Sullivan2005,
  author    = {Sullivan, Dennis},
  booktitle = {Current developments in mathematics, 2005},
  title     = {String topology background and present state},
  pages     = {41--88},
  publisher = {Int. Press, Somerville, MA},
  keywords  = {55P50 (53D40 81T70)},
  mrnumber  = {2459297},
  year      = {2007},
}

@Article{Turaev1991,
  author   = {Turaev, Vladimir G.},
  title    = {Skein quantization of {P}oisson algebras of loops on surfaces},
  doi      = {10.24033/asens.1639},
  issn     = {0012-9593},
  number   = {6},
  pages    = {635--704},
  volume   = {24},
  journal  = {Annales Scientifiques de l'\'{E}cole Normale Sup\'{e}rieure. Quatri\`eme S\'{e}rie},
  keywords = {57M25 (16S30 16W30 17B37 57T05)},
  mrnumber = {1142906},
  year     = {1991},
}

@Article{Zwiebach1992,
  author   = {Zwiebach, Barton},
  title    = {Closed string field theory: quantum action and the {B}atalin-{V}ilkovisky master equation},
  doi      = {10.1016/0550-3213(93)90388-6},
  issn     = {0550-3213},
  number   = {1},
  pages    = {33--152},
  volume   = {390},
  journal  = {Nuclear Physics. B. Theoretical, Phenomenological, and Experimental High Energy Physics. Quantum Field Theory and Statistical Systems},
  keywords = {81T70 (17B81 32G81 81T30)},
  mrnumber = {1203476},
  year     = {1993},
}

@Book{HormanderI,
  author    = {H\"{o}rmander, Lars},
  title     = {The analysis of linear partial differential operators. {I}},
  doi       = {10.1007/978-3-642-61497-2},
  isbn      = {3-540-00662-1},
  note      = {Distribution theory and Fourier analysis, Reprint of the second 1990 edition},
  pages     = {x+440},
  publisher = {Springer-Verlag, Berlin},
  series    = {Classics in Mathematics},
  keywords  = {35-02},
  mrnumber  = {1996773},
  year      = {2003},
}

@Article{Bousfield1976,
  author   = {Bousfield, A. K. and Gugenheim, V. K. A. M.},
  title    = {On {${\mathrm{PL}}$} de {R}ham theory and rational homotopy type},
  doi      = {10.1090/memo/0179},
  issn     = {0065-9266},
  number   = {179},
  pages    = {ix+94},
  volume   = {8},
  journal  = {Memoirs of the American Mathematical Society},
  keywords = {55D15 (58A10)},
  mrnumber = {0425956},
  year     = {1976},
}

@Article{Markl2015,
  author   = {Markl, Martin and Voronov, Alexander A.},
  title    = {The {MV} formalism for {IBL{$_\infty$}}- and {BV{$_\infty$}}-algebras},
  doi      = {10.1007/s11005-017-0954-y},
  issn     = {0377-9017},
  number   = {8},
  pages    = {1515--1543},
  volume   = {107},
  journal  = {Letters in Mathematical Physics},
  keywords = {16E45 (08C05 18G55 58A50)},
  mrnumber = {3669243},
  year     = {2017},
}

@Book{Loday2012,
  author    = {Loday, Jean-Louis and Vallette, Bruno},
  title     = {Algebraic operads},
  doi       = {10.1007/978-3-642-30362-3},
  isbn      = {978-3-642-30361-6},
  pages     = {xxiv+634},
  publisher = {Springer, Heidelberg},
  series    = {Grundlehren der Mathematischen Wissenschaften [Fundamental Principles of Mathematical Sciences]},
  volume    = {346},
  keywords  = {18D50 (16E99)},
  mrnumber  = {2954392},
  year      = {2012},
}

@Article{Markl1997,
  author   = {Markl, Martin},
  title    = {Loop homotopy algebras in closed string field theory},
  doi      = {10.1007/PL00005575},
  issn     = {0010-3616},
  number   = {2},
  pages    = {367--384},
  volume   = {221},
  journal  = {Communications in Mathematical Physics},
  keywords = {55P48 (18D50 81T30 81T70)},
  mrnumber = {1845329},
  year     = {2001},
}

@Article{Lazarev2003,
  author   = {Lazarev, Andrey},
  title    = {Hoschschild cohomology and moduli spaces of strongly homotopy associative algebras},
  issn     = {1532-0081},
  number   = {1},
  pages    = {73--100},
  volume   = {5},
  journal  = {Homology, Homotopy and Applications},
  keywords = {16E40 (14D20 18G99 55P43 55U99)},
  mrnumber = {1989615},
  year     = {2003},
}

@Comment{jabref-meta: databaseType:biblatex;}

@Comment{jabref-meta: fileDirectoryLatex-bay1529-pc1530:/home/bay1529/Dropbox/writing/phd-thesis;}
